@book{sta.b105537719980101,
Author = {Appel, Andrew W.},
ISBN = {0521583888},
Publisher = {Cambridge : Cambridge University press, 1998.},
Title = {Modern compiler implementation in Java.},
URL = {http://search.ebscohost.com/login.aspx?direct=true&db=cat00290a&AN=sta.b1055377&site=eds-live},
Year = {1998},
}
